% Encoding: UTF-8

@Article{hamilton2008compact,
  author    = {Hamilton, Chris H and Rau-Chaplin, Andrew},
  title     = {Compact Hilbert indices: Space-filling curves for domains with unequal side lengths},
  journal   = {Information Processing Letters},
  year      = {2008},
  volume    = {105},
  number    = {5},
  pages     = {155--163},
  publisher = {Elsevier},
}

@InProceedings{magnaguagno2020hypertension,
  author    = {Magnaguagno, Maur{\'\i}cio C and Meneguzzi, Felipe Rech and DE SILVA, LAVINDRA},
  title     = {HyperTensioN: A three-stage compiler for planning},
  booktitle = {Proceedings of the 30th International Conference on Automated Planning and Scheduling (ICAPS), 2020, Fran{\c{c}}a.},
  year      = {2020},
}

@Article{georgievski2015htn,
  author    = {Georgievski, Ilche and Aiello, Marco},
  title     = {HTN planning: Overview, comparison, and beyond},
  journal   = {Artificial Intelligence},
  year      = {2015},
  volume    = {222},
  pages     = {124--156},
  publisher = {Elsevier},
}

@InProceedings{behnke2018tracking,
  author       = {Behnke, Gregor and H{\"o}ller, Daniel and Biundo, Susanne},
  title        = {Tracking branches in trees-A propositional encoding for solving partially-ordered HTN planning problems},
  booktitle    = {2018 IEEE 30th International Conference on Tools with Artificial Intelligence (ICTAI)},
  year         = {2018},
  pages        = {73--80},
  organization = {IEEE},
}

@Article{schreiber2021lilotane,
  author  = {Schreiber, Dominik},
  title   = {Lilotane: A lifted SAT-based approach to hierarchical planning},
  journal = {Journal of Artificial Intelligence Research},
  year    = {2021},
  volume  = {70},
  pages   = {1117--1181},
}

@InProceedings{behnke2020succinct,
  author    = {Behnke, Gregor and H{\"o}ller, Daniel and Schmid, Alexander and Bercher, Pascal and Biundo, Susanne},
  title     = {On succinct groundings of HTN planning problems},
  booktitle = {Proceedings of the AAAI Conference on Artificial Intelligence},
  year      = {2020},
  volume    = {34},
  number    = {06},
  pages     = {9775--9784},
}

@InCollection{reiter1981closed,
  author    = {Reiter, Raymond},
  title     = {On closed world data bases},
  booktitle = {Readings in artificial intelligence},
  publisher = {Elsevier},
  year      = {1981},
  pages     = {119--140},
}

@InProceedings{erol1994htn,
  author    = {Erol, Kutluhan and Hendler, James and Nau, Dana S},
  title     = {HTN planning: Complexity and expressivity},
  booktitle = {AAAI},
  year      = {1994},
  volume    = {94},
  pages     = {1123--1128},
}

@Article{erol1996complexity,
  author    = {Erol, Kutluhan and Hendler, James and Nau, Dana S},
  title     = {Complexity results for HTN planning},
  journal   = {Annals of Mathematics and Artificial Intelligence},
  year      = {1996},
  volume    = {18},
  number    = {1},
  pages     = {69--93},
  publisher = {Springer},
}

@InProceedings{holler2014language,
  author    = {H{\"o}ller, Daniel and Behnke, Gregor and Bercher, Pascal and Biundo, Susanne},
  title     = {Language Classification of Hierarchical Planning Problems.},
  booktitle = {ECAI},
  year      = {2014},
  pages     = {447--452},
}

@InProceedings{behnke2015complexity,
  author    = {Behnke, Gregor and H{\"o}ller, Daniel and Biundo, Susanne},
  title     = {On the complexity of HTN plan verification and its implications for plan recognition},
  booktitle = {Proceedings of the International Conference on Automated Planning and Scheduling},
  year      = {2015},
  volume    = {25},
  pages     = {25--33},
}

@InCollection{de2016summary,
  author    = {de Silva, Lavindra and Sardina, Sebastian and Padgham, Lin},
  title     = {Summary information for reasoning about hierarchical plans},
  booktitle = {ECAI 2016},
  publisher = {IOS Press},
  year      = {2016},
  pages     = {1300--1308},
}

@InProceedings{alford2014feasibility,
  author    = {Alford, Ron and Shivashankar, Vikas and Kuter, Ugur and Nau, Dana},
  title     = {On the feasibility of planning graph style heuristics for HTN planning},
  booktitle = {Proceedings of the International Conference on Automated Planning and Scheduling},
  year      = {2014},
  volume    = {24},
  pages     = {2--10},
}

@InProceedings{alford2015tight,
  author    = {Alford, Ron and Bercher, Pascal and Aha, David},
  title     = {Tight bounds for HTN planning},
  booktitle = {Proceedings of the International Conference on Automated Planning and Scheduling},
  year      = {2015},
  volume    = {25},
  pages     = {7--15},
}

@Article{ramoul2017grounding,
  author    = {Ramoul, Abdeldjalil and Pellier, Damien and Fiorino, Humbert and Pesty, Sylvie},
  title     = {Grounding of HTN planning domain},
  journal   = {International Journal on Artificial Intelligence Tools},
  year      = {2017},
  volume    = {26},
  number    = {05},
  pages     = {1760021},
  publisher = {World Scientific},
}

@InProceedings{schreiber2019tree,
  author    = {Schreiber, Dominik and Pellier, Damien and Fiorino, Humbert and others},
  title     = {Tree-REX: SAT-based tree exploration for efficient and high-quality HTN planning},
  booktitle = {Proceedings of the International Conference on Automated Planning and Scheduling},
  year      = {2019},
  volume    = {29},
  pages     = {382--390},
}

@Comment{jabref-meta: databaseType:bibtex;}
